<?xml version="1.0" encoding="UTF-8"?><record xmlns="http://www.loc.gov/MARC21/slim" xmlns:cinclude="http://apache.org/cocoon/include/1.0" xmlns:zs="http://www.loc.gov/zing/srw/">
  <leader>00843cz  a2200169n  4500</leader>
  <controlfield tag="001">n  81095445 </controlfield>
  <controlfield tag="003">DLC</controlfield>
  <controlfield tag="005">20120801080917.0</controlfield>
  <controlfield tag="008">810831n| acannaabn          |a ana      </controlfield>
  <datafield tag="010" ind1=" " ind2=" ">
    <subfield code="a">n  81095445 </subfield>
  </datafield>
  <datafield tag="035" ind1=" " ind2=" ">
    <subfield code="a">(OCoLC)oca00640616</subfield>
  </datafield>
  <datafield tag="040" ind1=" " ind2=" ">
    <subfield code="a">DLC</subfield>
    <subfield code="b">eng</subfield>
    <subfield code="c">DLC</subfield>
    <subfield code="d">OCoLC</subfield>
    <subfield code="d">DLC</subfield>
  </datafield>
  <datafield tag="111" ind1="2" ind2=" ">
    <subfield code="a">Seminário Copersucar da Agroindústria Açucareira</subfield>
  </datafield>
  <datafield tag="411" ind1="2" ind2=" ">
    <subfield code="a">Agroindústria Açucareira, Seminário Copersucar da</subfield>
  </datafield>
  <datafield tag="411" ind1="2" ind2=" ">
    <subfield code="a">Seminário Copersucar da Agroindústria Açucareira e Alcooleira</subfield>
  </datafield>
  <datafield tag="667" ind1=" " ind2=" ">
    <subfield code="a">THIS 1XX FIELD CANNOT BE USED UNDER RDA UNTIL THIS RECORD HAS BEEN REVIEWED AND/OR UPDATED</subfield>
  </datafield>
  <datafield tag="670" ind1=" " ind2=" ">
    <subfield code="a">Its (4th : 1976 : Águas de Lindóia, Brazil). Anais do IV Seminário Copersucar ... 1977:</subfield>
    <subfield code="b">t.p. (IV Seminário Copersucar da Agroindústria Açucareira) p. 1 (IV Seminário Copersucar da Agroindústria Açucareira e Alcooleira)</subfield>
  </datafield>
</record>